%------------------------------------------------------------------------------
  PRO'S
%------------------------------------------------------------------------------

@TECHREPORT{Pro1,
  author      = {Henk Barendregt and Erik Barendsen},
  title       = {The Expression Problem},
  institution = {Bell Laboratories, Lucent Technologies},
  url         = {ftp://ftp.cs.ru.nl/pub/CompMath.Found/lambda.pdf},
  year        = {2000}
}

@TECHREPORT{Pro2,
  author      = {Philip Wadler},
  title       = {The essence of functional programming},
  institution = {University of Glasgow},
  year        = {1992}
}

@TECHREPORT{Pro3,
  author      = {John Hughes},
  title       = {Why functional programming matters},
  institution = {Institutionen f\"{o}r Datavetenskap},
  year        = {1989}
}

@MISC{Pro4,
  author      = {TIOBE software BV},
  title       = {The software quality company},
  url         = {http://www.tiobe.com/tiobe-index},
  year        = {2017}
}

@MISC{Pro5,
  author      = {Stephen Cass},
  title       = {The 2017 top programming languages},
  institution = {IEEE Spectrum},
  url         = {https://spectrum.ieee.org/computing/software/the-2017-top-programming-languages},
  year        = {2017}
}

@TECHREPORT{Pro6,
  author      = {Philip Wadler},
  title       = {Why no one uses functional languages1},
  institution = {Bell Laboratories, Lucent Technologies},
  year        = {1998}
}

@BOOK{Pro7,
  title       = {Learn You a Haskell for Great Good!},
  author      = {Miran Lipva\v{c}a},
  booktitle   = {Learn You a Haskell for Great Good!},
  publisher   = {No starch press},
  year        = {2011}
}

@BOOK{Pro8,
  title       = {Real World Functional Programming},
  author      = {Tomas Petricek and Jon Skeet},
  year        = {2010},
  booktitle   = {Real World Functional Programming},
  pages       = {500},
  address     = {20 Baldwin Road PO Box 261 Shelter Island, NY 11964}
}

@MISC{Pro9,
  author      = {Simon Peyton-Jones and Tim Harris},
  title       = {Programming in the Age of Concurrency: Software Transactional Memory},
  institution = {Channel 9, Microsoft Reasearch},
  url         = {https://spectrum.ieee.org/computing/software/the-2017-top-programming-languages},
  year        = {2017}
}

@MISC{Pro10,
  author      = {Simon Peyton-Jones and Erik Meijer},
  title       = {Haskell is useless},
  institution = {Channel 9, Microsoft Reasearch},
  url         = {https://spectrum.ieee.org/computing/software/the-2017-top-programming-languages},
  year        = {2006}
}

@MISC{Pro11,
  author      = {Simon Peyton-Jones},
  title       = {The Future is Parallel, and the Future of Parallel is Declarative},
  institution = {Yow! Conferences},
  url         = {https://www.youtube.com/watch?v=tC94Mkg-oJU},
  year        = {2011}
}

@MISC{Pro12,
  author      = {Simon Peyton-Jones},
  title       = {Harnessing the Multicores: Nested Data Parallelism in Haskell},
  institution = {Microsoft Reasearch},
  url         = {https://www.youtube.com/watch?v=kZkO3k9g1ps&t=154s},
  year        = {2016}
}

@TECHREPORT{Pro13,
  author      = {Bj\"{o}rn Lisper},
  title       = {Functional Programming and Parallel Computing},
  institution = {M\"{a}lardalen University, School of Innovation, Design and Engineering},
  year        = {2013}
}

@MISC{Pro14,
  author      = {Philip Wadler},
  title       = {The Expression Problem},
  institution = {Bell Laboratories, Lucent Technologies},
  url         = {http://www.daimi.au.dk/~madst/tool/papers/expression.txt},
  year        = {1998}
}


%------------------------------------------------------------------------------
  Cons
%------------------------------------------------------------------------------

@TECHREPORT{Con1,
  author      = {Kim Svensson and Tord Eliasson},
  title       = {A comparison of functional and object-oriented programming paradigms in Javascript},
  institution = {Blekinge Institute of Technology},
  year        = {2017}
}

@TECHREPORT{Con2,
  author      = {Nitin Satyanara yan Kanigicharla},
  title       = {Comparative study of the Pros and Cons of Programming languages Java, Scala, C++, Haskell, VB .NET, AspectJ, Perl, Ruby, PHP & Scheme},
  institution = {Concordia University},
  year        = {2010}
}
